@inproceedings{dremel,
title = {Dremel: Interactive Analysis of Web-Scale Datasets},
author  = {Sergey Melnik and Andrey Gubarev and Jing Jing Long and Geoffrey Romer and Shiva Shivakumar and Matt Tolton and Theo Vassilakis},
year  = 2010,
URL = {http://www.vldb2010.org/accept.htm},
booktitle = {Proc. of the 36th Int'l Conf on Very Large Data Bases},
pages = {330-339}
}

@article{root,
      author         = "Brun, R. and Rademakers, F.",
      title          = "{ROOT: An object oriented data analysis framework}",
      booktitle      = "{New computing techniques in physics research V.
                        Proceedings, 5th International Workshop, AIHENP '96,
                        Lausanne, Switzerland, September 2-6, 1996}",
      journal        = "Nucl. Instrum. Meth.",
      volume         = "A389",
      year           = "1997",
      pages          = "81-86",
      doi            = "10.1016/S0168-9002(97)00048-X",
      SLACcitation   = "%%CITATION = NUIMA,A389,81;%%"
}
